@ARTICLE {schmalenberg,
    author  = "Claudia Schmalenberg and Marlene Kramer",
    title   = "Perception of {A}dequacy of {S}taffing",
    journal = "Healthy Work Environments",
    year    = "2009",
    volume  = "29",
    number  = "8",
    pages   = "65-67",
    month   = "Oct."
}
@MISC{wiki,
    author = "Wikipedia",
    title = "Hungarian {A}lgorithm --- {W}ikipedia{,} The Free Encyclopedia",
    year = "2004",
    url = "\url{http://en.wikipedia.org/wiki/Hungarian_algorithm}",
    note = "[Online; accessed 17-March-2015]"
}
@BOOK {winston,
    author    = "Wayne L. Winston",
    title     = "Operations {R}esearch {A}pplications and {A}lgorithms",
    publisher = "Curt Hinrichs",
    year      = "2004",
    edition   = "fourth",
    pages     = "1051-1072",
    month     = "Jan."
}
@ARTICLE {ingersoll,
    author  = "Richard M. Ingersoll, David Perda",
    title   = "The {M}athematics and {S}cience {T}eacher {S}hortage: {F}act and {M}yth",
    journal = "The Consortium for Policy Research in Education",
    year    = "2009",
    number  = "RR-62",
    pages   = "5-13",
    month   = "mar"
}